% Encoding: UTF-8

@misc{wiki_AspNetCore,
  title        = {ASP.NET Core -- Википедия [Электронный ресурс]},
  howpublished = {Электронные данные},
  note         = {Режим доступа: https://ru.wikipedia.org/wiki/ASP.NET\_Core. --- Дата доступа: 16.05.21},
  timestamp    = {2021-16-05}
}

@misc{wiki_Angular,
  title        = {Angular (Фреймворк) -- Википедия [Электронный ресурс]},
  howpublished = {Электронные данные},
  note         = {Режим доступа: https://ru.wikipedia.org/wiki/Angular\_(фреймворк). --- Дата доступа: 16.05.21},
  timestamp    = {2021-16-05}
}

@inbook{freeman_ProAsp,
  title     = {Pro ASP.NET Core 3},
  author    = {А. Фриман},
  pages     = {992},
  publisher = {apress},
  year      = {2020}
}

@inbook{freeman_ProAngular,
  author    = {А. Фриман},
  title     = {Angular для профессионалов},
  pages     = {800},
  publisher = {apress},
  year      = {2018}
}

@inbook{purival_Web,
  author    = {С. Пьюривал},
  title     = {Основы разработки веб-приложений},
  pages     = {272},
  publisher = {Питер},
  year      = {2015}
}

@Comment{jabref-meta: databaseType:bibtex;}
